,2022-07-29,2022-04-29,2022-01-28,2021-07-28,2021-04-29,2021-01-28,2020-07-31,2020-05-01,2020-01-29,2019-07-31,2019-05-01,2019-01-30,2018-08-01,2018-05-02,2018-02-02,2017-08-02,2017-05-03,2017-02-01,2016-07-27,2016-04-27,2016-01-27,2015-07-22,2015-04-28,2015-01-28,2014-07-23,2014-04-24,2014-01-28,2013-07-24,2013-04-24,2013-01-24,2012-07-25,2012-04-25,2012-01-25,2011-07-20,2011-04-21,2011-01-19,2010-07-21,2010-04-21,2010-01-25,2009-07-22
net_income_loss_attributable_to_noncontrolling_interest,0.0,0.0,0.0,0.0,0.0,0.0,0.0,0.0,0.0,0.0,0.0,0.0,0.0,0.0,0.0,0.0,0.0,0.0,0.0,0.0,0.0,0.0,0.0,0.0,0.0,0.0,0.0,0.0,0.0,0.0,0.0,0.0,0.0,0.0,0.0,0.0,0.0,0.0,0.0,0.0
basic_earnings_per_share,1.2,1.54,2.11,1.31,1.41,1.7,2.61,2.58,5.04,2.2,2.47,4.22,2.36,2.75,3.92,1.68,2.11,3.38,1.43,1.91,3.3,1.86,2.34,3.08,1.29,11.69,14.59,7.51,10.16,13.93,9.42,12.45,14.03,7.89,6.49,6.53,3.57,3.39,3.74,1.38
revenues,82959000000.0,97278000000.0,123945000000.0,81434000000.0,89584000000.0,111439000000.0,59685000000.0,58313000000.0,91819000000.0,53809000000.0,58015000000.0,84310000000.0,53265000000.0,61137000000.0,88293000000.0,45408000000.0,52896000000.0,78351000000.0,42358000000.0,50557000000.0,75872000000.0,49605000000.0,58010000000.0,74599000000.0,37432000000.0,45646000000.0,57594000000.0,35323000000.0,43603000000.0,54512000000.0,35023000000.0,39186000000.0,46333000000.0,28571000000.0,24667000000.0,26741000000.0,15700000000.0,13499000000.0,15683000000.0,8337000000.0
operating_income_loss,23076000000.0,29979000000.0,41488000000.0,24126000000.0,27503000000.0,33534000000.0,13091000000.0,12853000000.0,25569000000.0,11544000000.0,13415000000.0,23346000000.0,12612000000.0,15894000000.0,26274000000.0,10768000000.0,14097000000.0,23359000000.0,10105000000.0,13987000000.0,24171000000.0,14083000000.0,18278000000.0,24246000000.0,10282000000.0,13593000000.0,17463000000.0,9201000000.0,12558000000.0,17210000000.0,11573000000.0,15384000000.0,17340000000.0,9379000000.0,7874000000.0,7827000000.0,4234000000.0,3979000000.0,4725000000.0,1672000000.0
income_loss_from_continuing_operations_after_tax,19442000000.0,25010000000.0,34630000000.0,21744000000.0,23630000000.0,28755000000.0,11253000000.0,11249000000.0,22236000000.0,10044000000.0,11561000000.0,19965000000.0,11519000000.0,13822000000.0,20065000000.0,8717000000.0,11029000000.0,17891000000.0,7796000000.0,10516000000.0,18361000000.0,10677000000.0,13569000000.0,18024000000.0,7748000000.0,10223000000.0,13072000000.0,6900000000.0,9547000000.0,13078000000.0,8824000000.0,11622000000.0,13064000000.0,7308000000.0,5987000000.0,6004000000.0,3253000000.0,3074000000.0,3378000000.0,1229000000.0
income_tax_expense_benefit,3624000000.0,5129000000.0,6611000000.0,2625000000.0,4381000000.0,4824000000.0,1884000000.0,1886000000.0,3682000000.0,1867000000.0,2232000000.0,3941000000.0,1765000000.0,2346000000.0,6965000000.0,2591000000.0,3655000000.0,6289000000.0,2673000000.0,3626000000.0,6212000000.0,3796000000.0,4995000000.0,6392000000.0,2736000000.0,3595000000.0,4637000000.0,2535000000.0,3358000000.0,4594000000.0,3037000000.0,3910000000.0,4413000000.0,2243000000.0,1913000000.0,1959000000.0,1039000000.0,955000000.0,1380000000.0,503000000.0
gross_profit,35885000000.0,42559000000.0,54243000000.0,35255000000.0,38079000000.0,44328000000.0,22680000000.0,22370000000.0,35217000000.0,20227000000.0,21821000000.0,32031000000.0,20421000000.0,23422000000.0,33912000000.0,17488000000.0,20591000000.0,30176000000.0,16106000000.0,19921000000.0,30423000000.0,19681000000.0,23656000000.0,29741000000.0,14735000000.0,17947000000.0,21846000000.0,13024000000.0,16349000000.0,21060000000.0,14994000000.0,18564000000.0,20703000000.0,11922000000.0,10218000000.0,10298000000.0,6136000000.0,5625000000.0,6411000000.0,3023000000.0
net_income_loss_attributable_to_parent,19442000000.0,25010000000.0,34630000000.0,21744000000.0,23630000000.0,28755000000.0,11253000000.0,11249000000.0,22236000000.0,10044000000.0,11561000000.0,19965000000.0,11519000000.0,13822000000.0,20065000000.0,8717000000.0,11029000000.0,17891000000.0,7796000000.0,10516000000.0,18361000000.0,10677000000.0,13569000000.0,18024000000.0,7748000000.0,10223000000.0,13072000000.0,6900000000.0,9547000000.0,13078000000.0,8824000000.0,11622000000.0,13064000000.0,7308000000.0,5987000000.0,6004000000.0,3253000000.0,3074000000.0,3378000000.0,1229000000.0
income_loss_from_continuing_operations_before_tax,23066000000.0,30139000000.0,41241000000.0,24369000000.0,28011000000.0,33579000000.0,13137000000.0,13135000000.0,25918000000.0,11911000000.0,13793000000.0,23906000000.0,13284000000.0,16168000000.0,27030000000.0,11308000000.0,14684000000.0,24180000000.0,10469000000.0,14142000000.0,24573000000.0,14473000000.0,18564000000.0,24416000000.0,10484000000.0,13818000000.0,17709000000.0,9435000000.0,12905000000.0,17672000000.0,11861000000.0,15532000000.0,17477000000.0,9551000000.0,7900000000.0,7963000000.0,4292000000.0,4029000000.0,4758000000.0,1732000000.0
costs_and_expenses,59893000000.0,67139000000.0,82704000000.0,57065000000.0,61573000000.0,77860000000.0,46548000000.0,45178000000.0,65901000000.0,41898000000.0,44222000000.0,60404000000.0,39981000000.0,44969000000.0,61263000000.0,34100000000.0,38212000000.0,54171000000.0,31889000000.0,36415000000.0,51299000000.0,35132000000.0,39446000000.0,50183000000.0,26948000000.0,31828000000.0,39885000000.0,25888000000.0,30698000000.0,36840000000.0,23162000000.0,23654000000.0,28856000000.0,19020000000.0,16767000000.0,18778000000.0,11408000000.0,9470000000.0,10925000000.0,6605000000.0
interest_expense_operating,719000000.0,691000000.0,694000000.0,665000000.0,670000000.0,638000000.0,697000000.0,757000000.0,785000000.0,866000000.0,1010000000.0,890000000.0,846000000.0,792000000.0,734000000.0,602000000.0,530000000.0,525000000.0,409000000.0,321000000.0,276000000.0,201000000.0,163000000.0,131000000.0,100000000.0,85000000.0,84000000.0,,,,,,,,,,,,,
benefits_costs_expenses,59893000000.0,67139000000.0,82704000000.0,57065000000.0,61573000000.0,77860000000.0,46548000000.0,45178000000.0,65901000000.0,41898000000.0,44222000000.0,60404000000.0,39981000000.0,44969000000.0,61263000000.0,34100000000.0,38212000000.0,54171000000.0,31889000000.0,36415000000.0,51299000000.0,35132000000.0,39446000000.0,50183000000.0,26948000000.0,31828000000.0,39885000000.0,25888000000.0,30698000000.0,36840000000.0,23162000000.0,23654000000.0,28856000000.0,19020000000.0,16767000000.0,18778000000.0,11408000000.0,9470000000.0,10925000000.0,6605000000.0
net_income_loss,19442000000.0,25010000000.0,34630000000.0,21744000000.0,23630000000.0,28755000000.0,11253000000.0,11249000000.0,22236000000.0,10044000000.0,11561000000.0,19965000000.0,11519000000.0,13822000000.0,20065000000.0,8717000000.0,11029000000.0,17891000000.0,7796000000.0,10516000000.0,18361000000.0,10677000000.0,13569000000.0,18024000000.0,7748000000.0,10223000000.0,13072000000.0,6900000000.0,9547000000.0,13078000000.0,8824000000.0,11622000000.0,13064000000.0,7308000000.0,5987000000.0,6004000000.0,3253000000.0,3074000000.0,3378000000.0,1229000000.0
preferred_stock_dividends_and_other_adjustments,0.0,0.0,0.0,0.0,0.0,0.0,0.0,0.0,0.0,0.0,0.0,0.0,0.0,0.0,0.0,0.0,0.0,0.0,0.0,0.0,0.0,0.0,0.0,0.0,0.0,0.0,0.0,0.0,0.0,0.0,0.0,0.0,0.0,0.0,0.0,0.0,0.0,0.0,0.0,0.0
diluted_earnings_per_share,1.2,1.52,2.1,1.3,1.4,1.68,2.58,2.55,4.99,2.18,2.46,4.18,2.34,2.73,3.89,1.67,2.1,3.36,1.42,1.9,3.28,1.85,2.33,3.06,1.28,11.62,14.5,7.47,10.09,13.81,9.32,12.3,13.87,7.79,6.4,6.43,3.51,3.33,3.67,1.35
nonoperating_income_loss,-10000000.0,160000000.0,-247000000.0,243000000.0,508000000.0,45000000.0,46000000.0,282000000.0,349000000.0,367000000.0,378000000.0,560000000.0,672000000.0,274000000.0,756000000.0,540000000.0,587000000.0,821000000.0,364000000.0,155000000.0,402000000.0,390000000.0,286000000.0,170000000.0,202000000.0,225000000.0,246000000.0,234000000.0,347000000.0,462000000.0,288000000.0,148000000.0,137000000.0,172000000.0,26000000.0,136000000.0,58000000.0,50000000.0,33000000.0,60000000.0
operating_expenses,12809000000.0,12580000000.0,12755000000.0,11129000000.0,10576000000.0,10794000000.0,9589000000.0,9517000000.0,9648000000.0,8683000000.0,8406000000.0,8685000000.0,7809000000.0,7528000000.0,7638000000.0,6720000000.0,6494000000.0,6817000000.0,6001000000.0,5934000000.0,6252000000.0,5598000000.0,5378000000.0,5495000000.0,4453000000.0,4354000000.0,4383000000.0,3823000000.0,3791000000.0,3850000000.0,3421000000.0,3180000000.0,3363000000.0,2543000000.0,2344000000.0,2471000000.0,1902000000.0,1646000000.0,1686000000.0,1351000000.0
participating_securities_distributed_and_undistributed_earnings_loss_basic,0.0,0.0,0.0,0.0,0.0,0.0,0.0,0.0,0.0,0.0,0.0,0.0,0.0,0.0,0.0,0.0,0.0,0.0,0.0,0.0,0.0,0.0,0.0,0.0,0.0,0.0,0.0,0.0,0.0,0.0,0.0,0.0,0.0,0.0,0.0,0.0,0.0,0.0,0.0,0.0
cost_of_revenue,47074000000.0,54719000000.0,69702000000.0,46179000000.0,51505000000.0,67111000000.0,37005000000.0,35943000000.0,56602000000.0,33582000000.0,36194000000.0,52279000000.0,32844000000.0,37715000000.0,54381000000.0,27920000000.0,32305000000.0,48175000000.0,26252000000.0,30636000000.0,45449000000.0,29924000000.0,34354000000.0,44858000000.0,22697000000.0,27699000000.0,35748000000.0,22299000000.0,27254000000.0,33452000000.0,20029000000.0,20622000000.0,25630000000.0,16649000000.0,14449000000.0,16443000000.0,9564000000.0,7874000000.0,9272000000.0,5314000000.0
net_income_loss_available_to_common_stockholders_basic,19442000000.0,25010000000.0,34630000000.0,21744000000.0,23630000000.0,28755000000.0,11253000000.0,11249000000.0,22236000000.0,10044000000.0,11561000000.0,19965000000.0,11519000000.0,13822000000.0,20065000000.0,8717000000.0,11029000000.0,17891000000.0,7796000000.0,10516000000.0,18361000000.0,10677000000.0,13569000000.0,18024000000.0,7748000000.0,10223000000.0,13072000000.0,6900000000.0,9547000000.0,13078000000.0,8824000000.0,11622000000.0,13064000000.0,7308000000.0,5987000000.0,6004000000.0,3253000000.0,3074000000.0,3378000000.0,1229000000.0
income_tax_expense_benefit_deferred,,,682000000.0,,,-58000000.0,,,-349000000.0,,,53000000.0,,,-33737000000.0,,,1452000000.0,,,1592000000.0,,,2197000000.0,,,1253000000.0,,,1179000000.0,,,1456000000.0,,,823000000.0,,,425000000.0,
income_loss_before_equity_method_investments,,,,,,,,,,,,,,,,,,,,,,,,,,,,,12905000000.0,17672000000.0,11861000000.0,15532000000.0,17477000000.0,9551000000.0,7900000000.0,7963000000.0,4292000000.0,4029000000.0,4758000000.0,1732000000.0
